%YAML 1.1
%TAG !u! tag:unity3d.com,2011:
--- !u!29 &1
OcclusionCullingSettings:
  m_ObjectHideFlags: 0
  serializedVersion: 2
  m_OcclusionBakeSettings:
    smallestOccluder: 5
    smallestHole: 0.25
    backfaceThreshold: 100
  m_SceneGUID: 00000000000000000000000000000000
  m_OcclusionCullingData: {fileID: 0}
--- !u!104 &2
RenderSettings:
  m_ObjectHideFlags: 0
  serializedVersion: 9
  m_Fog: 0
  m_FogColor: {r: 0.5, g: 0.5, b: 0.5, a: 1}
  m_FogMode: 3
  m_FogDensity: 0.01
  m_LinearFogStart: 0
  m_LinearFogEnd: 300
  m_AmbientSkyColor: {r: 0.212, g: 0.227, b: 0.259, a: 1}
  m_AmbientEquatorColor: {r: 0.114, g: 0.125, b: 0.133, a: 1}
  m_AmbientGroundColor: {r: 0.047, g: 0.043, b: 0.035, a: 1}
  m_AmbientIntensity: 1
  m_AmbientMode: 0
  m_SubtractiveShadowColor: {r: 0.42, g: 0.478, b: 0.627, a: 1}
  m_SkyboxMaterial: {fileID: 10304, guid: 0000000000000000f000000000000000, type: 0}
  m_HaloStrength: 0.5
  m_FlareStrength: 1
  m_FlareFadeSpeed: 3
  m_HaloTexture: {fileID: 0}
  m_SpotCookie: {fileID: 10001, guid: 0000000000000000e000000000000000, type: 0}
  m_DefaultReflectionMode: 0
  m_DefaultReflectionResolution: 128
  m_ReflectionBounces: 1
  m_ReflectionIntensity: 1
  m_CustomReflection: {fileID: 0}
  m_Sun: {fileID: 0}
  m_IndirectSpecularColor: {r: 0.44657868, g: 0.4964127, b: 0.57481724, a: 1}
  m_UseRadianceAmbientProbe: 0
--- !u!157 &3
LightmapSettings:
  m_ObjectHideFlags: 0
  serializedVersion: 11
  m_GIWorkflowMode: 0
  m_GISettings:
    serializedVersion: 2
    m_BounceScale: 1
    m_IndirectOutputScale: 1
    m_AlbedoBoost: 1
    m_EnvironmentLightingMode: 0
    m_EnableBakedLightmaps: 1
    m_EnableRealtimeLightmaps: 1
  m_LightmapEditorSettings:
    serializedVersion: 10
    m_Resolution: 2
    m_BakeResolution: 40
    m_AtlasSize: 1024
    m_AO: 0
    m_AOMaxDistance: 1
    m_CompAOExponent: 1
    m_CompAOExponentDirect: 0
    m_Padding: 2
    m_LightmapParameters: {fileID: 0}
    m_LightmapsBakeMode: 1
    m_TextureCompression: 1
    m_FinalGather: 0
    m_FinalGatherFiltering: 1
    m_FinalGatherRayCount: 256
    m_ReflectionCompression: 2
    m_MixedBakeMode: 2
    m_BakeBackend: 1
    m_PVRSampling: 1
    m_PVRDirectSampleCount: 32
    m_PVRSampleCount: 500
    m_PVRBounces: 2
    m_PVRFilterTypeDirect: 0
    m_PVRFilterTypeIndirect: 0
    m_PVRFilterTypeAO: 0
    m_PVRFilteringMode: 1
    m_PVRCulling: 1
    m_PVRFilteringGaussRadiusDirect: 1
    m_PVRFilteringGaussRadiusIndirect: 5
    m_PVRFilteringGaussRadiusAO: 2
    m_PVRFilteringAtrousPositionSigmaDirect: 0.5
    m_PVRFilteringAtrousPositionSigmaIndirect: 2
    m_PVRFilteringAtrousPositionSigmaAO: 1
    m_ShowResolutionOverlay: 1
  m_LightingDataAsset: {fileID: 0}
  m_UseShadowmask: 1
--- !u!196 &4
NavMeshSettings:
  serializedVersion: 2
  m_ObjectHideFlags: 0
  m_BuildSettings:
    serializedVersion: 2
    agentTypeID: 0
    agentRadius: 0.5
    agentHeight: 2
    agentSlope: 45
    agentClimb: 0.4
    ledgeDropHeight: 0
    maxJumpAcrossDistance: 0
    minRegionArea: 2
    manualCellSize: 0
    cellSize: 0.16666667
    manualTileSize: 0
    tileSize: 256
    accuratePlacement: 0
    debug:
      m_Flags: 0
  m_NavMeshData: {fileID: 0}
--- !u!1001 &152689046
PrefabInstance:
  m_ObjectHideFlags: 0
  serializedVersion: 2
  m_Modification:
    m_TransformParent: {fileID: 191816123}
    m_Modifications:
    - target: {fileID: 1498719309, guid: 2ec4c63c1c10a5b40bfcef4583261ef5, type: 3}
      propertyPath: m_Name
      value: TestEnemy (2)
      objectReference: {fileID: 0}
    - target: {fileID: 1206814991, guid: 2ec4c63c1c10a5b40bfcef4583261ef5, type: 3}
      propertyPath: m_LocalPosition.x
      value: 0.07
      objectReference: {fileID: 0}
    - target: {fileID: 1206814991, guid: 2ec4c63c1c10a5b40bfcef4583261ef5, type: 3}
      propertyPath: m_LocalPosition.y
      value: -0.25
      objectReference: {fileID: 0}
    - target: {fileID: 1206814991, guid: 2ec4c63c1c10a5b40bfcef4583261ef5, type: 3}
      propertyPath: m_LocalPosition.z
      value: 5.01
      objectReference: {fileID: 0}
    - target: {fileID: 1206814991, guid: 2ec4c63c1c10a5b40bfcef4583261ef5, type: 3}
      propertyPath: m_LocalRotation.x
      value: -0
      objectReference: {fileID: 0}
    - target: {fileID: 1206814991, guid: 2ec4c63c1c10a5b40bfcef4583261ef5, type: 3}
      propertyPath: m_LocalRotation.y
      value: -0
      objectReference: {fileID: 0}
    - target: {fileID: 1206814991, guid: 2ec4c63c1c10a5b40bfcef4583261ef5, type: 3}
      propertyPath: m_LocalRotation.z
      value: 0.014834803
      objectReference: {fileID: 0}
    - target: {fileID: 1206814991, guid: 2ec4c63c1c10a5b40bfcef4583261ef5, type: 3}
      propertyPath: m_LocalRotation.w
      value: 0.99988997
      objectReference: {fileID: 0}
    - target: {fileID: 1206814991, guid: 2ec4c63c1c10a5b40bfcef4583261ef5, type: 3}
      propertyPath: m_RootOrder
      value: 2
      objectReference: {fileID: 0}
    - target: {fileID: 1206814991, guid: 2ec4c63c1c10a5b40bfcef4583261ef5, type: 3}
      propertyPath: m_LocalEulerAnglesHint.x
      value: 0
      objectReference: {fileID: 0}
    - target: {fileID: 1206814991, guid: 2ec4c63c1c10a5b40bfcef4583261ef5, type: 3}
      propertyPath: m_LocalEulerAnglesHint.y
      value: 0
      objectReference: {fileID: 0}
    - target: {fileID: 1206814991, guid: 2ec4c63c1c10a5b40bfcef4583261ef5, type: 3}
      propertyPath: m_LocalEulerAnglesHint.z
      value: 0
      objectReference: {fileID: 0}
    m_RemovedComponents: []
  m_SourcePrefab: {fileID: 100100000, guid: 2ec4c63c1c10a5b40bfcef4583261ef5, type: 3}
--- !u!4 &152689047 stripped
Transform:
  m_CorrespondingSourceObject: {fileID: 1206814991, guid: 2ec4c63c1c10a5b40bfcef4583261ef5,
    type: 3}
  m_PrefabInstance: {fileID: 152689046}
  m_PrefabAsset: {fileID: 0}
--- !u!1 &191816122
GameObject:
  m_ObjectHideFlags: 0
  m_CorrespondingSourceObject: {fileID: 0}
  m_PrefabInstance: {fileID: 0}
  m_PrefabAsset: {fileID: 0}
  serializedVersion: 6
  m_Component:
  - component: {fileID: 191816123}
  m_Layer: 0
  m_Name: EnemiesStraightLine
  m_TagString: Untagged
  m_Icon: {fileID: 0}
  m_NavMeshLayer: 0
  m_StaticEditorFlags: 0
  m_IsActive: 1
--- !u!4 &191816123
Transform:
  m_ObjectHideFlags: 0
  m_CorrespondingSourceObject: {fileID: 0}
  m_PrefabInstance: {fileID: 0}
  m_PrefabAsset: {fileID: 0}
  m_GameObject: {fileID: 191816122}
  m_LocalRotation: {x: 0, y: 0, z: -0.014834803, w: 0.99988997}
  m_LocalPosition: {x: 20, y: 1.2155218, z: 0.42292523}
  m_LocalScale: {x: 1, y: 1, z: 1}
  m_Children:
  - {fileID: 1573934858}
  - {fileID: 1196025412}
  - {fileID: 152689047}
  - {fileID: 1681902359}
  - {fileID: 986832907}
  m_Father: {fileID: 0}
  m_RootOrder: 5
  m_LocalEulerAnglesHint: {x: 0, y: 0, z: -1.7}
--- !u!1001 &313220955
PrefabInstance:
  m_ObjectHideFlags: 0
  serializedVersion: 2
  m_Modification:
    m_TransformParent: {fileID: 1077773931}
    m_Modifications:
    - target: {fileID: 1498719309, guid: 2ec4c63c1c10a5b40bfcef4583261ef5, type: 3}
      propertyPath: m_Name
      value: TestEnemy
      objectReference: {fileID: 0}
    - target: {fileID: 1206814991, guid: 2ec4c63c1c10a5b40bfcef4583261ef5, type: 3}
      propertyPath: m_LocalPosition.x
      value: 2.37
      objectReference: {fileID: 0}
    - target: {fileID: 1206814991, guid: 2ec4c63c1c10a5b40bfcef4583261ef5, type: 3}
      propertyPath: m_LocalPosition.y
      value: -0.18
      objectReference: {fileID: 0}
    - target: {fileID: 1206814991, guid: 2ec4c63c1c10a5b40bfcef4583261ef5, type: 3}
      propertyPath: m_LocalPosition.z
      value: 7.7
      objectReference: {fileID: 0}
    - target: {fileID: 1206814991, guid: 2ec4c63c1c10a5b40bfcef4583261ef5, type: 3}
      propertyPath: m_LocalRotation.x
      value: -0
      objectReference: {fileID: 0}
    - target: {fileID: 1206814991, guid: 2ec4c63c1c10a5b40bfcef4583261ef5, type: 3}
      propertyPath: m_LocalRotation.y
      value: -0
      objectReference: {fileID: 0}
    - target: {fileID: 1206814991, guid: 2ec4c63c1c10a5b40bfcef4583261ef5, type: 3}
      propertyPath: m_LocalRotation.z
      value: 0.014834803
      objectReference: {fileID: 0}
    - target: {fileID: 1206814991, guid: 2ec4c63c1c10a5b40bfcef4583261ef5, type: 3}
      propertyPath: m_LocalRotation.w
      value: 0.99988997
      objectReference: {fileID: 0}
    - target: {fileID: 1206814991, guid: 2ec4c63c1c10a5b40bfcef4583261ef5, type: 3}
      propertyPath: m_RootOrder
      value: 0
      objectReference: {fileID: 0}
    - target: {fileID: 1206814991, guid: 2ec4c63c1c10a5b40bfcef4583261ef5, type: 3}
      propertyPath: m_LocalEulerAnglesHint.x
      value: 0
      objectReference: {fileID: 0}
    - target: {fileID: 1206814991, guid: 2ec4c63c1c10a5b40bfcef4583261ef5, type: 3}
      propertyPath: m_LocalEulerAnglesHint.y
      value: 0
      objectReference: {fileID: 0}
    - target: {fileID: 1206814991, guid: 2ec4c63c1c10a5b40bfcef4583261ef5, type: 3}
      propertyPath: m_LocalEulerAnglesHint.z
      value: 0
      objectReference: {fileID: 0}
    m_RemovedComponents: []
  m_SourcePrefab: {fileID: 100100000, guid: 2ec4c63c1c10a5b40bfcef4583261ef5, type: 3}
--- !u!1001 &329146203
PrefabInstance:
  m_ObjectHideFlags: 0
  serializedVersion: 2
  m_Modification:
    m_TransformParent: {fileID: 1746735832}
    m_Modifications:
    - target: {fileID: 1498719309, guid: 2ec4c63c1c10a5b40bfcef4583261ef5, type: 3}
      propertyPath: m_Name
      value: TestEnemy (1)
      objectReference: {fileID: 0}
    - target: {fileID: 1206814991, guid: 2ec4c63c1c10a5b40bfcef4583261ef5, type: 3}
      propertyPath: m_LocalPosition.x
      value: 0.81
      objectReference: {fileID: 0}
    - target: {fileID: 1206814991, guid: 2ec4c63c1c10a5b40bfcef4583261ef5, type: 3}
      propertyPath: m_LocalPosition.y
      value: -0.23
      objectReference: {fileID: 0}
    - target: {fileID: 1206814991, guid: 2ec4c63c1c10a5b40bfcef4583261ef5, type: 3}
      propertyPath: m_LocalPosition.z
      value: 5.74
      objectReference: {fileID: 0}
    - target: {fileID: 1206814991, guid: 2ec4c63c1c10a5b40bfcef4583261ef5, type: 3}
      propertyPath: m_LocalRotation.x
      value: -0
      objectReference: {fileID: 0}
    - target: {fileID: 1206814991, guid: 2ec4c63c1c10a5b40bfcef4583261ef5, type: 3}
      propertyPath: m_LocalRotation.y
      value: -0
      objectReference: {fileID: 0}
    - target: {fileID: 1206814991, guid: 2ec4c63c1c10a5b40bfcef4583261ef5, type: 3}
      propertyPath: m_LocalRotation.z
      value: 0.014834803
      objectReference: {fileID: 0}
    - target: {fileID: 1206814991, guid: 2ec4c63c1c10a5b40bfcef4583261ef5, type: 3}
      propertyPath: m_LocalRotation.w
      value: 0.99988997
      objectReference: {fileID: 0}
    - target: {fileID: 1206814991, guid: 2ec4c63c1c10a5b40bfcef4583261ef5, type: 3}
      propertyPath: m_RootOrder
      value: 1
      objectReference: {fileID: 0}
    - target: {fileID: 1206814991, guid: 2ec4c63c1c10a5b40bfcef4583261ef5, type: 3}
      propertyPath: m_LocalEulerAnglesHint.x
      value: 0
      objectReference: {fileID: 0}
    - target: {fileID: 1206814991, guid: 2ec4c63c1c10a5b40bfcef4583261ef5, type: 3}
      propertyPath: m_LocalEulerAnglesHint.y
      value: 0
      objectReference: {fileID: 0}
    - target: {fileID: 1206814991, guid: 2ec4c63c1c10a5b40bfcef4583261ef5, type: 3}
      propertyPath: m_LocalEulerAnglesHint.z
      value: 0
      objectReference: {fileID: 0}
    m_RemovedComponents: []
  m_SourcePrefab: {fileID: 100100000, guid: 2ec4c63c1c10a5b40bfcef4583261ef5, type: 3}
--- !u!4 &329146204 stripped
Transform:
  m_CorrespondingSourceObject: {fileID: 1206814991, guid: 2ec4c63c1c10a5b40bfcef4583261ef5,
    type: 3}
  m_PrefabInstance: {fileID: 329146203}
  m_PrefabAsset: {fileID: 0}
--- !u!1001 &591098958
PrefabInstance:
  m_ObjectHideFlags: 0
  serializedVersion: 2
  m_Modification:
    m_TransformParent: {fileID: 1077773931}
    m_Modifications:
    - target: {fileID: 1498719309, guid: 2ec4c63c1c10a5b40bfcef4583261ef5, type: 3}
      propertyPath: m_Name
      value: TestEnemy (3)
      objectReference: {fileID: 0}
    - target: {fileID: 1206814991, guid: 2ec4c63c1c10a5b40bfcef4583261ef5, type: 3}
      propertyPath: m_LocalPosition.x
      value: -2.67
      objectReference: {fileID: 0}
    - target: {fileID: 1206814991, guid: 2ec4c63c1c10a5b40bfcef4583261ef5, type: 3}
      propertyPath: m_LocalPosition.y
      value: -0.33
      objectReference: {fileID: 0}
    - target: {fileID: 1206814991, guid: 2ec4c63c1c10a5b40bfcef4583261ef5, type: 3}
      propertyPath: m_LocalPosition.z
      value: 6.31
      objectReference: {fileID: 0}
    - target: {fileID: 1206814991, guid: 2ec4c63c1c10a5b40bfcef4583261ef5, type: 3}
      propertyPath: m_LocalRotation.x
      value: -0
      objectReference: {fileID: 0}
    - target: {fileID: 1206814991, guid: 2ec4c63c1c10a5b40bfcef4583261ef5, type: 3}
      propertyPath: m_LocalRotation.y
      value: -0
      objectReference: {fileID: 0}
    - target: {fileID: 1206814991, guid: 2ec4c63c1c10a5b40bfcef4583261ef5, type: 3}
      propertyPath: m_LocalRotation.z
      value: 0.014834803
      objectReference: {fileID: 0}
    - target: {fileID: 1206814991, guid: 2ec4c63c1c10a5b40bfcef4583261ef5, type: 3}
      propertyPath: m_LocalRotation.w
      value: 0.99988997
      objectReference: {fileID: 0}
    - target: {fileID: 1206814991, guid: 2ec4c63c1c10a5b40bfcef4583261ef5, type: 3}
      propertyPath: m_RootOrder
      value: 3
      objectReference: {fileID: 0}
    - target: {fileID: 1206814991, guid: 2ec4c63c1c10a5b40bfcef4583261ef5, type: 3}
      propertyPath: m_LocalEulerAnglesHint.x
      value: 0
      objectReference: {fileID: 0}
    - target: {fileID: 1206814991, guid: 2ec4c63c1c10a5b40bfcef4583261ef5, type: 3}
      propertyPath: m_LocalEulerAnglesHint.y
      value: 0
      objectReference: {fileID: 0}
    - target: {fileID: 1206814991, guid: 2ec4c63c1c10a5b40bfcef4583261ef5, type: 3}
      propertyPath: m_LocalEulerAnglesHint.z
      value: 0
      objectReference: {fileID: 0}
    m_RemovedComponents: []
  m_SourcePrefab: {fileID: 100100000, guid: 2ec4c63c1c10a5b40bfcef4583261ef5, type: 3}
--- !u!4 &591098959 stripped
Transform:
  m_CorrespondingSourceObject: {fileID: 1206814991, guid: 2ec4c63c1c10a5b40bfcef4583261ef5,
    type: 3}
  m_PrefabInstance: {fileID: 591098958}
  m_PrefabAsset: {fileID: 0}
--- !u!1001 &643093837
PrefabInstance:
  m_ObjectHideFlags: 0
  serializedVersion: 2
  m_Modification:
    m_TransformParent: {fileID: 1746735832}
    m_Modifications:
    - target: {fileID: 1498719309, guid: 2ec4c63c1c10a5b40bfcef4583261ef5, type: 3}
      propertyPath: m_Name
      value: TestEnemy
      objectReference: {fileID: 0}
    - target: {fileID: 1206814991, guid: 2ec4c63c1c10a5b40bfcef4583261ef5, type: 3}
      propertyPath: m_LocalPosition.x
      value: 0.81
      objectReference: {fileID: 0}
    - target: {fileID: 1206814991, guid: 2ec4c63c1c10a5b40bfcef4583261ef5, type: 3}
      propertyPath: m_LocalPosition.y
      value: -0.23
      objectReference: {fileID: 0}
    - target: {fileID: 1206814991, guid: 2ec4c63c1c10a5b40bfcef4583261ef5, type: 3}
      propertyPath: m_LocalPosition.z
      value: 3.9
      objectReference: {fileID: 0}
    - target: {fileID: 1206814991, guid: 2ec4c63c1c10a5b40bfcef4583261ef5, type: 3}
      propertyPath: m_LocalRotation.x
      value: -0
      objectReference: {fileID: 0}
    - target: {fileID: 1206814991, guid: 2ec4c63c1c10a5b40bfcef4583261ef5, type: 3}
      propertyPath: m_LocalRotation.y
      value: -0
      objectReference: {fileID: 0}
    - target: {fileID: 1206814991, guid: 2ec4c63c1c10a5b40bfcef4583261ef5, type: 3}
      propertyPath: m_LocalRotation.z
      value: 0.014834803
      objectReference: {fileID: 0}
    - target: {fileID: 1206814991, guid: 2ec4c63c1c10a5b40bfcef4583261ef5, type: 3}
      propertyPath: m_LocalRotation.w
      value: 0.99988997
      objectReference: {fileID: 0}
    - target: {fileID: 1206814991, guid: 2ec4c63c1c10a5b40bfcef4583261ef5, type: 3}
      propertyPath: m_RootOrder
      value: 0
      objectReference: {fileID: 0}
    - target: {fileID: 1206814991, guid: 2ec4c63c1c10a5b40bfcef4583261ef5, type: 3}
      propertyPath: m_LocalEulerAnglesHint.x
      value: 0
      objectReference: {fileID: 0}
    - target: {fileID: 1206814991, guid: 2ec4c63c1c10a5b40bfcef4583261ef5, type: 3}
      propertyPath: m_LocalEulerAnglesHint.y
      value: 0
      objectReference: {fileID: 0}
    - target: {fileID: 1206814991, guid: 2ec4c63c1c10a5b40bfcef4583261ef5, type: 3}
      propertyPath: m_LocalEulerAnglesHint.z
      value: 0
      objectReference: {fileID: 0}
    m_RemovedComponents: []
  m_SourcePrefab: {fileID: 100100000, guid: 2ec4c63c1c10a5b40bfcef4583261ef5, type: 3}
--- !u!4 &643093838 stripped
Transform:
  m_CorrespondingSourceObject: {fileID: 1206814991, guid: 2ec4c63c1c10a5b40bfcef4583261ef5,
    type: 3}
  m_PrefabInstance: {fileID: 643093837}
  m_PrefabAsset: {fileID: 0}
--- !u!1001 &985132518
PrefabInstance:
  m_ObjectHideFlags: 0
  serializedVersion: 2
  m_Modification:
    m_TransformParent: {fileID: 1746735832}
    m_Modifications:
    - target: {fileID: 1498719309, guid: 2ec4c63c1c10a5b40bfcef4583261ef5, type: 3}
      propertyPath: m_Name
      value: TestEnemy (2)
      objectReference: {fileID: 0}
    - target: {fileID: 1206814991, guid: 2ec4c63c1c10a5b40bfcef4583261ef5, type: 3}
      propertyPath: m_LocalPosition.x
      value: 0.81
      objectReference: {fileID: 0}
    - target: {fileID: 1206814991, guid: 2ec4c63c1c10a5b40bfcef4583261ef5, type: 3}
      propertyPath: m_LocalPosition.y
      value: -0.23
      objectReference: {fileID: 0}
    - target: {fileID: 1206814991, guid: 2ec4c63c1c10a5b40bfcef4583261ef5, type: 3}
      propertyPath: m_LocalPosition.z
      value: 7.6
      objectReference: {fileID: 0}
    - target: {fileID: 1206814991, guid: 2ec4c63c1c10a5b40bfcef4583261ef5, type: 3}
      propertyPath: m_LocalRotation.x
      value: -0
      objectReference: {fileID: 0}
    - target: {fileID: 1206814991, guid: 2ec4c63c1c10a5b40bfcef4583261ef5, type: 3}
      propertyPath: m_LocalRotation.y
      value: -0
      objectReference: {fileID: 0}
    - target: {fileID: 1206814991, guid: 2ec4c63c1c10a5b40bfcef4583261ef5, type: 3}
      propertyPath: m_LocalRotation.z
      value: 0.014834803
      objectReference: {fileID: 0}
    - target: {fileID: 1206814991, guid: 2ec4c63c1c10a5b40bfcef4583261ef5, type: 3}
      propertyPath: m_LocalRotation.w
      value: 0.99988997
      objectReference: {fileID: 0}
    - target: {fileID: 1206814991, guid: 2ec4c63c1c10a5b40bfcef4583261ef5, type: 3}
      propertyPath: m_RootOrder
      value: 2
      objectReference: {fileID: 0}
    - target: {fileID: 1206814991, guid: 2ec4c63c1c10a5b40bfcef4583261ef5, type: 3}
      propertyPath: m_LocalEulerAnglesHint.x
      value: 0
      objectReference: {fileID: 0}
    - target: {fileID: 1206814991, guid: 2ec4c63c1c10a5b40bfcef4583261ef5, type: 3}
      propertyPath: m_LocalEulerAnglesHint.y
      value: 0
      objectReference: {fileID: 0}
    - target: {fileID: 1206814991, guid: 2ec4c63c1c10a5b40bfcef4583261ef5, type: 3}
      propertyPath: m_LocalEulerAnglesHint.z
      value: 0
      objectReference: {fileID: 0}
    m_RemovedComponents: []
  m_SourcePrefab: {fileID: 100100000, guid: 2ec4c63c1c10a5b40bfcef4583261ef5, type: 3}
--- !u!4 &985132519 stripped
Transform:
  m_CorrespondingSourceObject: {fileID: 1206814991, guid: 2ec4c63c1c10a5b40bfcef4583261ef5,
    type: 3}
  m_PrefabInstance: {fileID: 985132518}
  m_PrefabAsset: {fileID: 0}
--- !u!1001 &986832906
PrefabInstance:
  m_ObjectHideFlags: 0
  serializedVersion: 2
  m_Modification:
    m_TransformParent: {fileID: 191816123}
    m_Modifications:
    - target: {fileID: 1498719309, guid: 2ec4c63c1c10a5b40bfcef4583261ef5, type: 3}
      propertyPath: m_Name
      value: TestEnemy (4)
      objectReference: {fileID: 0}
    - target: {fileID: 1206814991, guid: 2ec4c63c1c10a5b40bfcef4583261ef5, type: 3}
      propertyPath: m_LocalPosition.x
      value: 0.07
      objectReference: {fileID: 0}
    - target: {fileID: 1206814991, guid: 2ec4c63c1c10a5b40bfcef4583261ef5, type: 3}
      propertyPath: m_LocalPosition.y
      value: -0.25
      objectReference: {fileID: 0}
    - target: {fileID: 1206814991, guid: 2ec4c63c1c10a5b40bfcef4583261ef5, type: 3}
      propertyPath: m_LocalPosition.z
      value: 8.39
      objectReference: {fileID: 0}
    - target: {fileID: 1206814991, guid: 2ec4c63c1c10a5b40bfcef4583261ef5, type: 3}
      propertyPath: m_LocalRotation.x
      value: -0
      objectReference: {fileID: 0}
    - target: {fileID: 1206814991, guid: 2ec4c63c1c10a5b40bfcef4583261ef5, type: 3}
      propertyPath: m_LocalRotation.y
      value: -0
      objectReference: {fileID: 0}
    - target: {fileID: 1206814991, guid: 2ec4c63c1c10a5b40bfcef4583261ef5, type: 3}
      propertyPath: m_LocalRotation.z
      value: 0.014834803
      objectReference: {fileID: 0}
    - target: {fileID: 1206814991, guid: 2ec4c63c1c10a5b40bfcef4583261ef5, type: 3}
      propertyPath: m_LocalRotation.w
      value: 0.99988997
      objectReference: {fileID: 0}
    - target: {fileID: 1206814991, guid: 2ec4c63c1c10a5b40bfcef4583261ef5, type: 3}
      propertyPath: m_RootOrder
      value: 4
      objectReference: {fileID: 0}
    - target: {fileID: 1206814991, guid: 2ec4c63c1c10a5b40bfcef4583261ef5, type: 3}
      propertyPath: m_LocalEulerAnglesHint.x
      value: 0
      objectReference: {fileID: 0}
    - target: {fileID: 1206814991, guid: 2ec4c63c1c10a5b40bfcef4583261ef5, type: 3}
      propertyPath: m_LocalEulerAnglesHint.y
      value: 0
      objectReference: {fileID: 0}
    - target: {fileID: 1206814991, guid: 2ec4c63c1c10a5b40bfcef4583261ef5, type: 3}
      propertyPath: m_LocalEulerAnglesHint.z
      value: 0
      objectReference: {fileID: 0}
    m_RemovedComponents: []
  m_SourcePrefab: {fileID: 100100000, guid: 2ec4c63c1c10a5b40bfcef4583261ef5, type: 3}
--- !u!4 &986832907 stripped
Transform:
  m_CorrespondingSourceObject: {fileID: 1206814991, guid: 2ec4c63c1c10a5b40bfcef4583261ef5,
    type: 3}
  m_PrefabInstance: {fileID: 986832906}
  m_PrefabAsset: {fileID: 0}
--- !u!1001 &1050299841
PrefabInstance:
  m_ObjectHideFlags: 0
  serializedVersion: 2
  m_Modification:
    m_TransformParent: {fileID: 1746735832}
    m_Modifications:
    - target: {fileID: 1498719309, guid: 2ec4c63c1c10a5b40bfcef4583261ef5, type: 3}
      propertyPath: m_Name
      value: TestEnemy (5)
      objectReference: {fileID: 0}
    - target: {fileID: 1206814991, guid: 2ec4c63c1c10a5b40bfcef4583261ef5, type: 3}
      propertyPath: m_LocalPosition.x
      value: 2.89
      objectReference: {fileID: 0}
    - target: {fileID: 1206814991, guid: 2ec4c63c1c10a5b40bfcef4583261ef5, type: 3}
      propertyPath: m_LocalPosition.y
      value: -0.23
      objectReference: {fileID: 0}
    - target: {fileID: 1206814991, guid: 2ec4c63c1c10a5b40bfcef4583261ef5, type: 3}
      propertyPath: m_LocalPosition.z
      value: 4.02
      objectReference: {fileID: 0}
    - target: {fileID: 1206814991, guid: 2ec4c63c1c10a5b40bfcef4583261ef5, type: 3}
      propertyPath: m_LocalRotation.x
      value: -0
      objectReference: {fileID: 0}
    - target: {fileID: 1206814991, guid: 2ec4c63c1c10a5b40bfcef4583261ef5, type: 3}
      propertyPath: m_LocalRotation.y
      value: -0
      objectReference: {fileID: 0}
    - target: {fileID: 1206814991, guid: 2ec4c63c1c10a5b40bfcef4583261ef5, type: 3}
      propertyPath: m_LocalRotation.z
      value: 0.014834803
      objectReference: {fileID: 0}
    - target: {fileID: 1206814991, guid: 2ec4c63c1c10a5b40bfcef4583261ef5, type: 3}
      propertyPath: m_LocalRotation.w
      value: 0.99988997
      objectReference: {fileID: 0}
    - target: {fileID: 1206814991, guid: 2ec4c63c1c10a5b40bfcef4583261ef5, type: 3}
      propertyPath: m_RootOrder
      value: 5
      objectReference: {fileID: 0}
    - target: {fileID: 1206814991, guid: 2ec4c63c1c10a5b40bfcef4583261ef5, type: 3}
      propertyPath: m_LocalEulerAnglesHint.x
      value: 0
      objectReference: {fileID: 0}
    - target: {fileID: 1206814991, guid: 2ec4c63c1c10a5b40bfcef4583261ef5, type: 3}
      propertyPath: m_LocalEulerAnglesHint.y
      value: 0
      objectReference: {fileID: 0}
    - target: {fileID: 1206814991, guid: 2ec4c63c1c10a5b40bfcef4583261ef5, type: 3}
      propertyPath: m_LocalEulerAnglesHint.z
      value: 0
      objectReference: {fileID: 0}
    m_RemovedComponents: []
  m_SourcePrefab: {fileID: 100100000, guid: 2ec4c63c1c10a5b40bfcef4583261ef5, type: 3}
--- !u!4 &1050299842 stripped
Transform:
  m_CorrespondingSourceObject: {fileID: 1206814991, guid: 2ec4c63c1c10a5b40bfcef4583261ef5,
    type: 3}
  m_PrefabInstance: {fileID: 1050299841}
  m_PrefabAsset: {fileID: 0}
--- !u!1 &1077773930
GameObject:
  m_ObjectHideFlags: 0
  m_CorrespondingSourceObject: {fileID: 0}
  m_PrefabInstance: {fileID: 0}
  m_PrefabAsset: {fileID: 0}
  serializedVersion: 6
  m_Component:
  - component: {fileID: 1077773931}
  m_Layer: 0
  m_Name: EnemiesGroup
  m_TagString: Untagged
  m_Icon: {fileID: 0}
  m_NavMeshLayer: 0
  m_StaticEditorFlags: 0
  m_IsActive: 1
--- !u!4 &1077773931
Transform:
  m_ObjectHideFlags: 0
  m_CorrespondingSourceObject: {fileID: 0}
  m_PrefabInstance: {fileID: 0}
  m_PrefabAsset: {fileID: 0}
  m_GameObject: {fileID: 1077773930}
  m_LocalRotation: {x: -0, y: -0, z: -0.014834801, w: 0.99988997}
  m_LocalPosition: {x: 0.88020515, y: 1.2155228, z: 0.42292523}
  m_LocalScale: {x: 1, y: 1, z: 1}
  m_Children:
  - {fileID: 1206814991}
  - {fileID: 1709935577}
  - {fileID: 1896534973}
  - {fileID: 591098959}
  - {fileID: 1368024851}
  m_Father: {fileID: 0}
  m_RootOrder: 4
  m_LocalEulerAnglesHint: {x: 0, y: 0, z: -1.7}
--- !u!1001 &1080759999
PrefabInstance:
  m_ObjectHideFlags: 0
  serializedVersion: 2
  m_Modification:
    m_TransformParent: {fileID: 1746735832}
    m_Modifications:
    - target: {fileID: 1498719309, guid: 2ec4c63c1c10a5b40bfcef4583261ef5, type: 3}
      propertyPath: m_Name
      value: TestEnemy (4)
      objectReference: {fileID: 0}
    - target: {fileID: 1206814991, guid: 2ec4c63c1c10a5b40bfcef4583261ef5, type: 3}
      propertyPath: m_LocalPosition.x
      value: 2.89
      objectReference: {fileID: 0}
    - target: {fileID: 1206814991, guid: 2ec4c63c1c10a5b40bfcef4583261ef5, type: 3}
      propertyPath: m_LocalPosition.y
      value: -0.23
      objectReference: {fileID: 0}
    - target: {fileID: 1206814991, guid: 2ec4c63c1c10a5b40bfcef4583261ef5, type: 3}
      propertyPath: m_LocalPosition.z
      value: 5.62
      objectReference: {fileID: 0}
    - target: {fileID: 1206814991, guid: 2ec4c63c1c10a5b40bfcef4583261ef5, type: 3}
      propertyPath: m_LocalRotation.x
      value: -0
      objectReference: {fileID: 0}
    - target: {fileID: 1206814991, guid: 2ec4c63c1c10a5b40bfcef4583261ef5, type: 3}
      propertyPath: m_LocalRotation.y
      value: -0
      objectReference: {fileID: 0}
    - target: {fileID: 1206814991, guid: 2ec4c63c1c10a5b40bfcef4583261ef5, type: 3}
      propertyPath: m_LocalRotation.z
      value: 0.014834803
      objectReference: {fileID: 0}
    - target: {fileID: 1206814991, guid: 2ec4c63c1c10a5b40bfcef4583261ef5, type: 3}
      propertyPath: m_LocalRotation.w
      value: 0.99988997
      objectReference: {fileID: 0}
    - target: {fileID: 1206814991, guid: 2ec4c63c1c10a5b40bfcef4583261ef5, type: 3}
      propertyPath: m_RootOrder
      value: 4
      objectReference: {fileID: 0}
    - target: {fileID: 1206814991, guid: 2ec4c63c1c10a5b40bfcef4583261ef5, type: 3}
      propertyPath: m_LocalEulerAnglesHint.x
      value: 0
      objectReference: {fileID: 0}
    - target: {fileID: 1206814991, guid: 2ec4c63c1c10a5b40bfcef4583261ef5, type: 3}
      propertyPath: m_LocalEulerAnglesHint.y
      value: 0
      objectReference: {fileID: 0}
    - target: {fileID: 1206814991, guid: 2ec4c63c1c10a5b40bfcef4583261ef5, type: 3}
      propertyPath: m_LocalEulerAnglesHint.z
      value: 0
      objectReference: {fileID: 0}
    m_RemovedComponents: []
  m_SourcePrefab: {fileID: 100100000, guid: 2ec4c63c1c10a5b40bfcef4583261ef5, type: 3}
--- !u!4 &1080760000 stripped
Transform:
  m_CorrespondingSourceObject: {fileID: 1206814991, guid: 2ec4c63c1c10a5b40bfcef4583261ef5,
    type: 3}
  m_PrefabInstance: {fileID: 1080759999}
  m_PrefabAsset: {fileID: 0}
--- !u!1001 &1196025411
PrefabInstance:
  m_ObjectHideFlags: 0
  serializedVersion: 2
  m_Modification:
    m_TransformParent: {fileID: 191816123}
    m_Modifications:
    - target: {fileID: 1498719309, guid: 2ec4c63c1c10a5b40bfcef4583261ef5, type: 3}
      propertyPath: m_Name
      value: TestEnemy (1)
      objectReference: {fileID: 0}
    - target: {fileID: 1206814991, guid: 2ec4c63c1c10a5b40bfcef4583261ef5, type: 3}
      propertyPath: m_LocalPosition.x
      value: 0.07
      objectReference: {fileID: 0}
    - target: {fileID: 1206814991, guid: 2ec4c63c1c10a5b40bfcef4583261ef5, type: 3}
      propertyPath: m_LocalPosition.y
      value: -0.25
      objectReference: {fileID: 0}
    - target: {fileID: 1206814991, guid: 2ec4c63c1c10a5b40bfcef4583261ef5, type: 3}
      propertyPath: m_LocalPosition.z
      value: 3.44
      objectReference: {fileID: 0}
    - target: {fileID: 1206814991, guid: 2ec4c63c1c10a5b40bfcef4583261ef5, type: 3}
      propertyPath: m_LocalRotation.x
      value: -0
      objectReference: {fileID: 0}
    - target: {fileID: 1206814991, guid: 2ec4c63c1c10a5b40bfcef4583261ef5, type: 3}
      propertyPath: m_LocalRotation.y
      value: -0
      objectReference: {fileID: 0}
    - target: {fileID: 1206814991, guid: 2ec4c63c1c10a5b40bfcef4583261ef5, type: 3}
      propertyPath: m_LocalRotation.z
      value: 0.014834803
      objectReference: {fileID: 0}
    - target: {fileID: 1206814991, guid: 2ec4c63c1c10a5b40bfcef4583261ef5, type: 3}
      propertyPath: m_LocalRotation.w
      value: 0.99988997
      objectReference: {fileID: 0}
    - target: {fileID: 1206814991, guid: 2ec4c63c1c10a5b40bfcef4583261ef5, type: 3}
      propertyPath: m_RootOrder
      value: 1
      objectReference: {fileID: 0}
    - target: {fileID: 1206814991, guid: 2ec4c63c1c10a5b40bfcef4583261ef5, type: 3}
      propertyPath: m_LocalEulerAnglesHint.x
      value: 0
      objectReference: {fileID: 0}
    - target: {fileID: 1206814991, guid: 2ec4c63c1c10a5b40bfcef4583261ef5, type: 3}
      propertyPath: m_LocalEulerAnglesHint.y
      value: 0
      objectReference: {fileID: 0}
    - target: {fileID: 1206814991, guid: 2ec4c63c1c10a5b40bfcef4583261ef5, type: 3}
      propertyPath: m_LocalEulerAnglesHint.z
      value: 0
      objectReference: {fileID: 0}
    m_RemovedComponents: []
  m_SourcePrefab: {fileID: 100100000, guid: 2ec4c63c1c10a5b40bfcef4583261ef5, type: 3}
--- !u!4 &1196025412 stripped
Transform:
  m_CorrespondingSourceObject: {fileID: 1206814991, guid: 2ec4c63c1c10a5b40bfcef4583261ef5,
    type: 3}
  m_PrefabInstance: {fileID: 1196025411}
  m_PrefabAsset: {fileID: 0}
--- !u!4 &1206814991 stripped
Transform:
  m_CorrespondingSourceObject: {fileID: 1206814991, guid: 2ec4c63c1c10a5b40bfcef4583261ef5,
    type: 3}
  m_PrefabInstance: {fileID: 313220955}
  m_PrefabAsset: {fileID: 0}
--- !u!1001 &1368024850
PrefabInstance:
  m_ObjectHideFlags: 0
  serializedVersion: 2
  m_Modification:
    m_TransformParent: {fileID: 1077773931}
    m_Modifications:
    - target: {fileID: 1498719309, guid: 2ec4c63c1c10a5b40bfcef4583261ef5, type: 3}
      propertyPath: m_Name
      value: TestEnemy (4)
      objectReference: {fileID: 0}
    - target: {fileID: 1206814991, guid: 2ec4c63c1c10a5b40bfcef4583261ef5, type: 3}
      propertyPath: m_LocalPosition.x
      value: -1.33
      objectReference: {fileID: 0}
    - target: {fileID: 1206814991, guid: 2ec4c63c1c10a5b40bfcef4583261ef5, type: 3}
      propertyPath: m_LocalPosition.y
      value: -0.29
      objectReference: {fileID: 0}
    - target: {fileID: 1206814991, guid: 2ec4c63c1c10a5b40bfcef4583261ef5, type: 3}
      propertyPath: m_LocalPosition.z
      value: 4.34
      objectReference: {fileID: 0}
    - target: {fileID: 1206814991, guid: 2ec4c63c1c10a5b40bfcef4583261ef5, type: 3}
      propertyPath: m_LocalRotation.x
      value: -0
      objectReference: {fileID: 0}
    - target: {fileID: 1206814991, guid: 2ec4c63c1c10a5b40bfcef4583261ef5, type: 3}
      propertyPath: m_LocalRotation.y
      value: -0
      objectReference: {fileID: 0}
    - target: {fileID: 1206814991, guid: 2ec4c63c1c10a5b40bfcef4583261ef5, type: 3}
      propertyPath: m_LocalRotation.z
      value: 0.014834803
      objectReference: {fileID: 0}
    - target: {fileID: 1206814991, guid: 2ec4c63c1c10a5b40bfcef4583261ef5, type: 3}
      propertyPath: m_LocalRotation.w
      value: 0.99988997
      objectReference: {fileID: 0}
    - target: {fileID: 1206814991, guid: 2ec4c63c1c10a5b40bfcef4583261ef5, type: 3}
      propertyPath: m_RootOrder
      value: 4
      objectReference: {fileID: 0}
    - target: {fileID: 1206814991, guid: 2ec4c63c1c10a5b40bfcef4583261ef5, type: 3}
      propertyPath: m_LocalEulerAnglesHint.x
      value: 0
      objectReference: {fileID: 0}
    - target: {fileID: 1206814991, guid: 2ec4c63c1c10a5b40bfcef4583261ef5, type: 3}
      propertyPath: m_LocalEulerAnglesHint.y
      value: 0
      objectReference: {fileID: 0}
    - target: {fileID: 1206814991, guid: 2ec4c63c1c10a5b40bfcef4583261ef5, type: 3}
      propertyPath: m_LocalEulerAnglesHint.z
      value: 0
      objectReference: {fileID: 0}
    m_RemovedComponents: []
  m_SourcePrefab: {fileID: 100100000, guid: 2ec4c63c1c10a5b40bfcef4583261ef5, type: 3}
--- !u!4 &1368024851 stripped
Transform:
  m_CorrespondingSourceObject: {fileID: 1206814991, guid: 2ec4c63c1c10a5b40bfcef4583261ef5,
    type: 3}
  m_PrefabInstance: {fileID: 1368024850}
  m_PrefabAsset: {fileID: 0}
--- !u!1001 &1573934857
PrefabInstance:
  m_ObjectHideFlags: 0
  serializedVersion: 2
  m_Modification:
    m_TransformParent: {fileID: 191816123}
    m_Modifications:
    - target: {fileID: 1498719309, guid: 2ec4c63c1c10a5b40bfcef4583261ef5, type: 3}
      propertyPath: m_Name
      value: TestEnemy
      objectReference: {fileID: 0}
    - target: {fileID: 1206814991, guid: 2ec4c63c1c10a5b40bfcef4583261ef5, type: 3}
      propertyPath: m_LocalPosition.x
      value: 0.07
      objectReference: {fileID: 0}
    - target: {fileID: 1206814991, guid: 2ec4c63c1c10a5b40bfcef4583261ef5, type: 3}
      propertyPath: m_LocalPosition.y
      value: -0.25
      objectReference: {fileID: 0}
    - target: {fileID: 1206814991, guid: 2ec4c63c1c10a5b40bfcef4583261ef5, type: 3}
      propertyPath: m_LocalPosition.z
      value: 2.06
      objectReference: {fileID: 0}
    - target: {fileID: 1206814991, guid: 2ec4c63c1c10a5b40bfcef4583261ef5, type: 3}
      propertyPath: m_LocalRotation.x
      value: -0
      objectReference: {fileID: 0}
    - target: {fileID: 1206814991, guid: 2ec4c63c1c10a5b40bfcef4583261ef5, type: 3}
      propertyPath: m_LocalRotation.y
      value: -0
      objectReference: {fileID: 0}
    - target: {fileID: 1206814991, guid: 2ec4c63c1c10a5b40bfcef4583261ef5, type: 3}
      propertyPath: m_LocalRotation.z
      value: 0.014834803
      objectReference: {fileID: 0}
    - target: {fileID: 1206814991, guid: 2ec4c63c1c10a5b40bfcef4583261ef5, type: 3}
      propertyPath: m_LocalRotation.w
      value: 0.99988997
      objectReference: {fileID: 0}
    - target: {fileID: 1206814991, guid: 2ec4c63c1c10a5b40bfcef4583261ef5, type: 3}
      propertyPath: m_RootOrder
      value: 0
      objectReference: {fileID: 0}
    - target: {fileID: 1206814991, guid: 2ec4c63c1c10a5b40bfcef4583261ef5, type: 3}
      propertyPath: m_LocalEulerAnglesHint.x
      value: 0
      objectReference: {fileID: 0}
    - target: {fileID: 1206814991, guid: 2ec4c63c1c10a5b40bfcef4583261ef5, type: 3}
      propertyPath: m_LocalEulerAnglesHint.y
      value: 0
      objectReference: {fileID: 0}
    - target: {fileID: 1206814991, guid: 2ec4c63c1c10a5b40bfcef4583261ef5, type: 3}
      propertyPath: m_LocalEulerAnglesHint.z
      value: 0
      objectReference: {fileID: 0}
    m_RemovedComponents: []
  m_SourcePrefab: {fileID: 100100000, guid: 2ec4c63c1c10a5b40bfcef4583261ef5, type: 3}
--- !u!4 &1573934858 stripped
Transform:
  m_CorrespondingSourceObject: {fileID: 1206814991, guid: 2ec4c63c1c10a5b40bfcef4583261ef5,
    type: 3}
  m_PrefabInstance: {fileID: 1573934857}
  m_PrefabAsset: {fileID: 0}
--- !u!1001 &1681902358
PrefabInstance:
  m_ObjectHideFlags: 0
  serializedVersion: 2
  m_Modification:
    m_TransformParent: {fileID: 191816123}
    m_Modifications:
    - target: {fileID: 1498719309, guid: 2ec4c63c1c10a5b40bfcef4583261ef5, type: 3}
      propertyPath: m_Name
      value: TestEnemy (3)
      objectReference: {fileID: 0}
    - target: {fileID: 1206814991, guid: 2ec4c63c1c10a5b40bfcef4583261ef5, type: 3}
      propertyPath: m_LocalPosition.x
      value: 0.07
      objectReference: {fileID: 0}
    - target: {fileID: 1206814991, guid: 2ec4c63c1c10a5b40bfcef4583261ef5, type: 3}
      propertyPath: m_LocalPosition.y
      value: -0.25
      objectReference: {fileID: 0}
    - target: {fileID: 1206814991, guid: 2ec4c63c1c10a5b40bfcef4583261ef5, type: 3}
      propertyPath: m_LocalPosition.z
      value: 6.59
      objectReference: {fileID: 0}
    - target: {fileID: 1206814991, guid: 2ec4c63c1c10a5b40bfcef4583261ef5, type: 3}
      propertyPath: m_LocalRotation.x
      value: -0
      objectReference: {fileID: 0}
    - target: {fileID: 1206814991, guid: 2ec4c63c1c10a5b40bfcef4583261ef5, type: 3}
      propertyPath: m_LocalRotation.y
      value: -0
      objectReference: {fileID: 0}
    - target: {fileID: 1206814991, guid: 2ec4c63c1c10a5b40bfcef4583261ef5, type: 3}
      propertyPath: m_LocalRotation.z
      value: 0.014834803
      objectReference: {fileID: 0}
    - target: {fileID: 1206814991, guid: 2ec4c63c1c10a5b40bfcef4583261ef5, type: 3}
      propertyPath: m_LocalRotation.w
      value: 0.99988997
      objectReference: {fileID: 0}
    - target: {fileID: 1206814991, guid: 2ec4c63c1c10a5b40bfcef4583261ef5, type: 3}
      propertyPath: m_RootOrder
      value: 3
      objectReference: {fileID: 0}
    - target: {fileID: 1206814991, guid: 2ec4c63c1c10a5b40bfcef4583261ef5, type: 3}
      propertyPath: m_LocalEulerAnglesHint.x
      value: 0
      objectReference: {fileID: 0}
    - target: {fileID: 1206814991, guid: 2ec4c63c1c10a5b40bfcef4583261ef5, type: 3}
      propertyPath: m_LocalEulerAnglesHint.y
      value: 0
      objectReference: {fileID: 0}
    - target: {fileID: 1206814991, guid: 2ec4c63c1c10a5b40bfcef4583261ef5, type: 3}
      propertyPath: m_LocalEulerAnglesHint.z
      value: 0
      objectReference: {fileID: 0}
    m_RemovedComponents: []
  m_SourcePrefab: {fileID: 100100000, guid: 2ec4c63c1c10a5b40bfcef4583261ef5, type: 3}
--- !u!4 &1681902359 stripped
Transform:
  m_CorrespondingSourceObject: {fileID: 1206814991, guid: 2ec4c63c1c10a5b40bfcef4583261ef5,
    type: 3}
  m_PrefabInstance: {fileID: 1681902358}
  m_PrefabAsset: {fileID: 0}
--- !u!1001 &1709935576
PrefabInstance:
  m_ObjectHideFlags: 0
  serializedVersion: 2
  m_Modification:
    m_TransformParent: {fileID: 1077773931}
    m_Modifications:
    - target: {fileID: 1498719309, guid: 2ec4c63c1c10a5b40bfcef4583261ef5, type: 3}
      propertyPath: m_Name
      value: TestEnemy (1)
      objectReference: {fileID: 0}
    - target: {fileID: 1206814991, guid: 2ec4c63c1c10a5b40bfcef4583261ef5, type: 3}
      propertyPath: m_LocalPosition.x
      value: 0.51
      objectReference: {fileID: 0}
    - target: {fileID: 1206814991, guid: 2ec4c63c1c10a5b40bfcef4583261ef5, type: 3}
      propertyPath: m_LocalPosition.y
      value: -0.24
      objectReference: {fileID: 0}
    - target: {fileID: 1206814991, guid: 2ec4c63c1c10a5b40bfcef4583261ef5, type: 3}
      propertyPath: m_LocalPosition.z
      value: 6.17
      objectReference: {fileID: 0}
    - target: {fileID: 1206814991, guid: 2ec4c63c1c10a5b40bfcef4583261ef5, type: 3}
      propertyPath: m_LocalRotation.x
      value: -0
      objectReference: {fileID: 0}
    - target: {fileID: 1206814991, guid: 2ec4c63c1c10a5b40bfcef4583261ef5, type: 3}
      propertyPath: m_LocalRotation.y
      value: -0
      objectReference: {fileID: 0}
    - target: {fileID: 1206814991, guid: 2ec4c63c1c10a5b40bfcef4583261ef5, type: 3}
      propertyPath: m_LocalRotation.z
      value: 0.014834803
      objectReference: {fileID: 0}
    - target: {fileID: 1206814991, guid: 2ec4c63c1c10a5b40bfcef4583261ef5, type: 3}
      propertyPath: m_LocalRotation.w
      value: 0.99988997
      objectReference: {fileID: 0}
    - target: {fileID: 1206814991, guid: 2ec4c63c1c10a5b40bfcef4583261ef5, type: 3}
      propertyPath: m_RootOrder
      value: 1
      objectReference: {fileID: 0}
    - target: {fileID: 1206814991, guid: 2ec4c63c1c10a5b40bfcef4583261ef5, type: 3}
      propertyPath: m_LocalEulerAnglesHint.x
      value: 0
      objectReference: {fileID: 0}
    - target: {fileID: 1206814991, guid: 2ec4c63c1c10a5b40bfcef4583261ef5, type: 3}
      propertyPath: m_LocalEulerAnglesHint.y
      value: 0
      objectReference: {fileID: 0}
    - target: {fileID: 1206814991, guid: 2ec4c63c1c10a5b40bfcef4583261ef5, type: 3}
      propertyPath: m_LocalEulerAnglesHint.z
      value: 0
      objectReference: {fileID: 0}
    m_RemovedComponents: []
  m_SourcePrefab: {fileID: 100100000, guid: 2ec4c63c1c10a5b40bfcef4583261ef5, type: 3}
--- !u!4 &1709935577 stripped
Transform:
  m_CorrespondingSourceObject: {fileID: 1206814991, guid: 2ec4c63c1c10a5b40bfcef4583261ef5,
    type: 3}
  m_PrefabInstance: {fileID: 1709935576}
  m_PrefabAsset: {fileID: 0}
--- !u!1 &1746735831
GameObject:
  m_ObjectHideFlags: 0
  m_CorrespondingSourceObject: {fileID: 0}
  m_PrefabInstance: {fileID: 0}
  m_PrefabAsset: {fileID: 0}
  serializedVersion: 6
  m_Component:
  - component: {fileID: 1746735832}
  m_Layer: 0
  m_Name: EnemiesColumns
  m_TagString: Untagged
  m_Icon: {fileID: 0}
  m_NavMeshLayer: 0
  m_StaticEditorFlags: 0
  m_IsActive: 1
--- !u!4 &1746735832
Transform:
  m_ObjectHideFlags: 0
  m_CorrespondingSourceObject: {fileID: 0}
  m_PrefabInstance: {fileID: 0}
  m_PrefabAsset: {fileID: 0}
  m_GameObject: {fileID: 1746735831}
  m_LocalRotation: {x: 0, y: 0, z: -0.014834803, w: 0.99988997}
  m_LocalPosition: {x: -25, y: 1.2155218, z: 0.42292523}
  m_LocalScale: {x: 1, y: 1, z: 1}
  m_Children:
  - {fileID: 643093838}
  - {fileID: 329146204}
  - {fileID: 985132519}
  - {fileID: 2016651317}
  - {fileID: 1080760000}
  - {fileID: 1050299842}
  m_Father: {fileID: 0}
  m_RootOrder: 6
  m_LocalEulerAnglesHint: {x: 0, y: 0, z: -1.7}
--- !u!1001 &1896534972
PrefabInstance:
  m_ObjectHideFlags: 0
  serializedVersion: 2
  m_Modification:
    m_TransformParent: {fileID: 1077773931}
    m_Modifications:
    - target: {fileID: 1498719309, guid: 2ec4c63c1c10a5b40bfcef4583261ef5, type: 3}
      propertyPath: m_Name
      value: TestEnemy (2)
      objectReference: {fileID: 0}
    - target: {fileID: 1206814991, guid: 2ec4c63c1c10a5b40bfcef4583261ef5, type: 3}
      propertyPath: m_LocalPosition.x
      value: -4.16
      objectReference: {fileID: 0}
    - target: {fileID: 1206814991, guid: 2ec4c63c1c10a5b40bfcef4583261ef5, type: 3}
      propertyPath: m_LocalPosition.y
      value: -0.37
      objectReference: {fileID: 0}
    - target: {fileID: 1206814991, guid: 2ec4c63c1c10a5b40bfcef4583261ef5, type: 3}
      propertyPath: m_LocalPosition.z
      value: 7.7
      objectReference: {fileID: 0}
    - target: {fileID: 1206814991, guid: 2ec4c63c1c10a5b40bfcef4583261ef5, type: 3}
      propertyPath: m_LocalRotation.x
      value: -0
      objectReference: {fileID: 0}
    - target: {fileID: 1206814991, guid: 2ec4c63c1c10a5b40bfcef4583261ef5, type: 3}
      propertyPath: m_LocalRotation.y
      value: -0
      objectReference: {fileID: 0}
    - target: {fileID: 1206814991, guid: 2ec4c63c1c10a5b40bfcef4583261ef5, type: 3}
      propertyPath: m_LocalRotation.z
      value: 0.014834803
      objectReference: {fileID: 0}
    - target: {fileID: 1206814991, guid: 2ec4c63c1c10a5b40bfcef4583261ef5, type: 3}
      propertyPath: m_LocalRotation.w
      value: 0.99988997
      objectReference: {fileID: 0}
    - target: {fileID: 1206814991, guid: 2ec4c63c1c10a5b40bfcef4583261ef5, type: 3}
      propertyPath: m_RootOrder
      value: 2
      objectReference: {fileID: 0}
    - target: {fileID: 1206814991, guid: 2ec4c63c1c10a5b40bfcef4583261ef5, type: 3}
      propertyPath: m_LocalEulerAnglesHint.x
      value: 0
      objectReference: {fileID: 0}
    - target: {fileID: 1206814991, guid: 2ec4c63c1c10a5b40bfcef4583261ef5, type: 3}
      propertyPath: m_LocalEulerAnglesHint.y
      value: 0
      objectReference: {fileID: 0}
    - target: {fileID: 1206814991, guid: 2ec4c63c1c10a5b40bfcef4583261ef5, type: 3}
      propertyPath: m_LocalEulerAnglesHint.z
      value: 0
      objectReference: {fileID: 0}
    m_RemovedComponents: []
  m_SourcePrefab: {fileID: 100100000, guid: 2ec4c63c1c10a5b40bfcef4583261ef5, type: 3}
--- !u!4 &1896534973 stripped
Transform:
  m_CorrespondingSourceObject: {fileID: 1206814991, guid: 2ec4c63c1c10a5b40bfcef4583261ef5,
    type: 3}
  m_PrefabInstance: {fileID: 1896534972}
  m_PrefabAsset: {fileID: 0}
--- !u!1001 &2016651316
PrefabInstance:
  m_ObjectHideFlags: 0
  serializedVersion: 2
  m_Modification:
    m_TransformParent: {fileID: 1746735832}
    m_Modifications:
    - target: {fileID: 1498719309, guid: 2ec4c63c1c10a5b40bfcef4583261ef5, type: 3}
      propertyPath: m_Name
      value: TestEnemy (3)
      objectReference: {fileID: 0}
    - target: {fileID: 1206814991, guid: 2ec4c63c1c10a5b40bfcef4583261ef5, type: 3}
      propertyPath: m_LocalPosition.x
      value: 2.89
      objectReference: {fileID: 0}
    - target: {fileID: 1206814991, guid: 2ec4c63c1c10a5b40bfcef4583261ef5, type: 3}
      propertyPath: m_LocalPosition.y
      value: -0.17
      objectReference: {fileID: 0}
    - target: {fileID: 1206814991, guid: 2ec4c63c1c10a5b40bfcef4583261ef5, type: 3}
      propertyPath: m_LocalPosition.z
      value: 7.6
      objectReference: {fileID: 0}
    - target: {fileID: 1206814991, guid: 2ec4c63c1c10a5b40bfcef4583261ef5, type: 3}
      propertyPath: m_LocalRotation.x
      value: -0
      objectReference: {fileID: 0}
    - target: {fileID: 1206814991, guid: 2ec4c63c1c10a5b40bfcef4583261ef5, type: 3}
      propertyPath: m_LocalRotation.y
      value: -0
      objectReference: {fileID: 0}
    - target: {fileID: 1206814991, guid: 2ec4c63c1c10a5b40bfcef4583261ef5, type: 3}
      propertyPath: m_LocalRotation.z
      value: 0.014834803
      objectReference: {fileID: 0}
    - target: {fileID: 1206814991, guid: 2ec4c63c1c10a5b40bfcef4583261ef5, type: 3}
      propertyPath: m_LocalRotation.w
      value: 0.99988997
      objectReference: {fileID: 0}
    - target: {fileID: 1206814991, guid: 2ec4c63c1c10a5b40bfcef4583261ef5, type: 3}
      propertyPath: m_RootOrder
      value: 3
      objectReference: {fileID: 0}
    - target: {fileID: 1206814991, guid: 2ec4c63c1c10a5b40bfcef4583261ef5, type: 3}
      propertyPath: m_LocalEulerAnglesHint.x
      value: 0
      objectReference: {fileID: 0}
    - target: {fileID: 1206814991, guid: 2ec4c63c1c10a5b40bfcef4583261ef5, type: 3}
      propertyPath: m_LocalEulerAnglesHint.y
      value: 0
      objectReference: {fileID: 0}
    - target: {fileID: 1206814991, guid: 2ec4c63c1c10a5b40bfcef4583261ef5, type: 3}
      propertyPath: m_LocalEulerAnglesHint.z
      value: 0
      objectReference: {fileID: 0}
    m_RemovedComponents: []
  m_SourcePrefab: {fileID: 100100000, guid: 2ec4c63c1c10a5b40bfcef4583261ef5, type: 3}
--- !u!4 &2016651317 stripped
Transform:
  m_CorrespondingSourceObject: {fileID: 1206814991, guid: 2ec4c63c1c10a5b40bfcef4583261ef5,
    type: 3}
  m_PrefabInstance: {fileID: 2016651316}
  m_PrefabAsset: {fileID: 0}
--- !u!1001 &2324054723585075653
PrefabInstance:
  m_ObjectHideFlags: 0
  serializedVersion: 2
  m_Modification:
    m_TransformParent: {fileID: 0}
    m_Modifications:
    - target: {fileID: 2122531672952160444, guid: c18dc439088309c4c96880c3d69c7cfc,
        type: 3}
      propertyPath: m_Name
      value: ShootingRangeRoom
      objectReference: {fileID: 0}
    - target: {fileID: 2122531672952160445, guid: c18dc439088309c4c96880c3d69c7cfc,
        type: 3}
      propertyPath: m_LocalPosition.x
      value: 0
      objectReference: {fileID: 0}
    - target: {fileID: 2122531672952160445, guid: c18dc439088309c4c96880c3d69c7cfc,
        type: 3}
      propertyPath: m_LocalPosition.y
      value: 0
      objectReference: {fileID: 0}
    - target: {fileID: 2122531672952160445, guid: c18dc439088309c4c96880c3d69c7cfc,
        type: 3}
      propertyPath: m_LocalPosition.z
      value: 0
      objectReference: {fileID: 0}
    - target: {fileID: 2122531672952160445, guid: c18dc439088309c4c96880c3d69c7cfc,
        type: 3}
      propertyPath: m_LocalRotation.x
      value: 0
      objectReference: {fileID: 0}
    - target: {fileID: 2122531672952160445, guid: c18dc439088309c4c96880c3d69c7cfc,
        type: 3}
      propertyPath: m_LocalRotation.y
      value: 0
      objectReference: {fileID: 0}
    - target: {fileID: 2122531672952160445, guid: c18dc439088309c4c96880c3d69c7cfc,
        type: 3}
      propertyPath: m_LocalRotation.z
      value: 0
      objectReference: {fileID: 0}
    - target: {fileID: 2122531672952160445, guid: c18dc439088309c4c96880c3d69c7cfc,
        type: 3}
      propertyPath: m_LocalRotation.w
      value: 1
      objectReference: {fileID: 0}
    - target: {fileID: 2122531672952160445, guid: c18dc439088309c4c96880c3d69c7cfc,
        type: 3}
      propertyPath: m_RootOrder
      value: 0
      objectReference: {fileID: 0}
    - target: {fileID: 2122531672952160445, guid: c18dc439088309c4c96880c3d69c7cfc,
        type: 3}
      propertyPath: m_LocalEulerAnglesHint.x
      value: 0
      objectReference: {fileID: 0}
    - target: {fileID: 2122531672952160445, guid: c18dc439088309c4c96880c3d69c7cfc,
        type: 3}
      propertyPath: m_LocalEulerAnglesHint.y
      value: 0
      objectReference: {fileID: 0}
    - target: {fileID: 2122531672952160445, guid: c18dc439088309c4c96880c3d69c7cfc,
        type: 3}
      propertyPath: m_LocalEulerAnglesHint.z
      value: 0
      objectReference: {fileID: 0}
    m_RemovedComponents: []
  m_SourcePrefab: {fileID: 100100000, guid: c18dc439088309c4c96880c3d69c7cfc, type: 3}
--- !u!1001 &3625540197920964858
PrefabInstance:
  m_ObjectHideFlags: 0
  serializedVersion: 2
  m_Modification:
    m_TransformParent: {fileID: 0}
    m_Modifications:
    - target: {fileID: 5537066463581431742, guid: ccbfe9aff1c57814db3525fe41c0d578,
        type: 3}
      propertyPath: m_Name
      value: TestSirTanksalot
      objectReference: {fileID: 0}
    - target: {fileID: 5537066463581431744, guid: ccbfe9aff1c57814db3525fe41c0d578,
        type: 3}
      propertyPath: m_LocalPosition.x
      value: -10.27
      objectReference: {fileID: 0}
    - target: {fileID: 5537066463581431744, guid: ccbfe9aff1c57814db3525fe41c0d578,
        type: 3}
      propertyPath: m_LocalPosition.y
      value: 1.5
      objectReference: {fileID: 0}
    - target: {fileID: 5537066463581431744, guid: ccbfe9aff1c57814db3525fe41c0d578,
        type: 3}
      propertyPath: m_LocalPosition.z
      value: 7.24
      objectReference: {fileID: 0}
    - target: {fileID: 5537066463581431744, guid: ccbfe9aff1c57814db3525fe41c0d578,
        type: 3}
      propertyPath: m_LocalRotation.x
      value: 0
      objectReference: {fileID: 0}
    - target: {fileID: 5537066463581431744, guid: ccbfe9aff1c57814db3525fe41c0d578,
        type: 3}
      propertyPath: m_LocalRotation.y
      value: 0
      objectReference: {fileID: 0}
    - target: {fileID: 5537066463581431744, guid: ccbfe9aff1c57814db3525fe41c0d578,
        type: 3}
      propertyPath: m_LocalRotation.z
      value: 0
      objectReference: {fileID: 0}
    - target: {fileID: 5537066463581431744, guid: ccbfe9aff1c57814db3525fe41c0d578,
        type: 3}
      propertyPath: m_LocalRotation.w
      value: 1
      objectReference: {fileID: 0}
    - target: {fileID: 5537066463581431744, guid: ccbfe9aff1c57814db3525fe41c0d578,
        type: 3}
      propertyPath: m_RootOrder
      value: 7
      objectReference: {fileID: 0}
    - target: {fileID: 5537066463581431744, guid: ccbfe9aff1c57814db3525fe41c0d578,
        type: 3}
      propertyPath: m_LocalEulerAnglesHint.x
      value: 0
      objectReference: {fileID: 0}
    - target: {fileID: 5537066463581431744, guid: ccbfe9aff1c57814db3525fe41c0d578,
        type: 3}
      propertyPath: m_LocalEulerAnglesHint.y
      value: 0
      objectReference: {fileID: 0}
    - target: {fileID: 5537066463581431744, guid: ccbfe9aff1c57814db3525fe41c0d578,
        type: 3}
      propertyPath: m_LocalEulerAnglesHint.z
      value: 0
      objectReference: {fileID: 0}
    m_RemovedComponents: []
  m_SourcePrefab: {fileID: 100100000, guid: ccbfe9aff1c57814db3525fe41c0d578, type: 3}
--- !u!4 &3629925872955429725 stripped
Transform:
  m_CorrespondingSourceObject: {fileID: 8662629890156817361, guid: 79107a743dc4cbe4ca28ea8da3358282,
    type: 3}
  m_PrefabInstance: {fileID: 5356963193610074252}
  m_PrefabAsset: {fileID: 0}
--- !u!1001 &4886032238466407713
PrefabInstance:
  m_ObjectHideFlags: 0
  serializedVersion: 2
  m_Modification:
    m_TransformParent: {fileID: 0}
    m_Modifications:
    - target: {fileID: 4886032238108864384, guid: ded9efee355c8c14ea599e83b08470dd,
        type: 3}
      propertyPath: m_Name
      value: CameraRig
      objectReference: {fileID: 0}
    - target: {fileID: 4886032238108864384, guid: ded9efee355c8c14ea599e83b08470dd,
        type: 3}
      propertyPath: m_IsActive
      value: 1
      objectReference: {fileID: 0}
    - target: {fileID: 4886032238108864387, guid: ded9efee355c8c14ea599e83b08470dd,
        type: 3}
      propertyPath: m_LocalPosition.x
      value: 0
      objectReference: {fileID: 0}
    - target: {fileID: 4886032238108864387, guid: ded9efee355c8c14ea599e83b08470dd,
        type: 3}
      propertyPath: m_LocalPosition.y
      value: 0
      objectReference: {fileID: 0}
    - target: {fileID: 4886032238108864387, guid: ded9efee355c8c14ea599e83b08470dd,
        type: 3}
      propertyPath: m_LocalPosition.z
      value: 0
      objectReference: {fileID: 0}
    - target: {fileID: 4886032238108864387, guid: ded9efee355c8c14ea599e83b08470dd,
        type: 3}
      propertyPath: m_LocalRotation.x
      value: 0
      objectReference: {fileID: 0}
    - target: {fileID: 4886032238108864387, guid: ded9efee355c8c14ea599e83b08470dd,
        type: 3}
      propertyPath: m_LocalRotation.y
      value: 0
      objectReference: {fileID: 0}
    - target: {fileID: 4886032238108864387, guid: ded9efee355c8c14ea599e83b08470dd,
        type: 3}
      propertyPath: m_LocalRotation.z
      value: 0
      objectReference: {fileID: 0}
    - target: {fileID: 4886032238108864387, guid: ded9efee355c8c14ea599e83b08470dd,
        type: 3}
      propertyPath: m_LocalRotation.w
      value: 1
      objectReference: {fileID: 0}
    - target: {fileID: 4886032238108864387, guid: ded9efee355c8c14ea599e83b08470dd,
        type: 3}
      propertyPath: m_RootOrder
      value: 3
      objectReference: {fileID: 0}
    - target: {fileID: 4886032238108864387, guid: ded9efee355c8c14ea599e83b08470dd,
        type: 3}
      propertyPath: m_LocalEulerAnglesHint.x
      value: 0
      objectReference: {fileID: 0}
    - target: {fileID: 4886032238108864387, guid: ded9efee355c8c14ea599e83b08470dd,
        type: 3}
      propertyPath: m_LocalEulerAnglesHint.y
      value: 0
      objectReference: {fileID: 0}
    - target: {fileID: 4886032238108864387, guid: ded9efee355c8c14ea599e83b08470dd,
        type: 3}
      propertyPath: m_LocalEulerAnglesHint.z
      value: 0
      objectReference: {fileID: 0}
    - target: {fileID: 4886032238108864386, guid: ded9efee355c8c14ea599e83b08470dd,
        type: 3}
      propertyPath: playerToFollow
      value: 
      objectReference: {fileID: 3629925872955429725}
    - target: {fileID: 2330050358411086564, guid: ded9efee355c8c14ea599e83b08470dd,
        type: 3}
      propertyPath: m_LocalPosition.z
      value: 0
      objectReference: {fileID: 0}
    m_RemovedComponents: []
  m_SourcePrefab: {fileID: 100100000, guid: ded9efee355c8c14ea599e83b08470dd, type: 3}
--- !u!1001 &5356963193610074252
PrefabInstance:
  m_ObjectHideFlags: 0
  serializedVersion: 2
  m_Modification:
    m_TransformParent: {fileID: 0}
    m_Modifications:
    - target: {fileID: 5356963193485859404, guid: 79107a743dc4cbe4ca28ea8da3358282,
        type: 3}
      propertyPath: m_Name
      value: TPSPlayer
      objectReference: {fileID: 0}
    - target: {fileID: 5356963193485859404, guid: 79107a743dc4cbe4ca28ea8da3358282,
        type: 3}
      propertyPath: m_IsActive
      value: 1
      objectReference: {fileID: 0}
    - target: {fileID: 8662629890156817361, guid: 79107a743dc4cbe4ca28ea8da3358282,
        type: 3}
      propertyPath: m_LocalPosition.x
      value: 0
      objectReference: {fileID: 0}
    - target: {fileID: 8662629890156817361, guid: 79107a743dc4cbe4ca28ea8da3358282,
        type: 3}
      propertyPath: m_LocalPosition.y
      value: 1
      objectReference: {fileID: 0}
    - target: {fileID: 8662629890156817361, guid: 79107a743dc4cbe4ca28ea8da3358282,
        type: 3}
      propertyPath: m_LocalPosition.z
      value: 0
      objectReference: {fileID: 0}
    - target: {fileID: 8662629890156817361, guid: 79107a743dc4cbe4ca28ea8da3358282,
        type: 3}
      propertyPath: m_LocalRotation.x
      value: 0
      objectReference: {fileID: 0}
    - target: {fileID: 8662629890156817361, guid: 79107a743dc4cbe4ca28ea8da3358282,
        type: 3}
      propertyPath: m_LocalRotation.y
      value: 0
      objectReference: {fileID: 0}
    - target: {fileID: 8662629890156817361, guid: 79107a743dc4cbe4ca28ea8da3358282,
        type: 3}
      propertyPath: m_LocalRotation.z
      value: 0
      objectReference: {fileID: 0}
    - target: {fileID: 8662629890156817361, guid: 79107a743dc4cbe4ca28ea8da3358282,
        type: 3}
      propertyPath: m_LocalRotation.w
      value: 1
      objectReference: {fileID: 0}
    - target: {fileID: 8662629890156817361, guid: 79107a743dc4cbe4ca28ea8da3358282,
        type: 3}
      propertyPath: m_RootOrder
      value: 2
      objectReference: {fileID: 0}
    - target: {fileID: 8662629890156817361, guid: 79107a743dc4cbe4ca28ea8da3358282,
        type: 3}
      propertyPath: m_LocalEulerAnglesHint.x
      value: 0
      objectReference: {fileID: 0}
    - target: {fileID: 8662629890156817361, guid: 79107a743dc4cbe4ca28ea8da3358282,
        type: 3}
      propertyPath: m_LocalEulerAnglesHint.y
      value: 0
      objectReference: {fileID: 0}
    - target: {fileID: 8662629890156817361, guid: 79107a743dc4cbe4ca28ea8da3358282,
        type: 3}
      propertyPath: m_LocalEulerAnglesHint.z
      value: 0
      objectReference: {fileID: 0}
    - target: {fileID: 5356963193485859405, guid: 79107a743dc4cbe4ca28ea8da3358282,
        type: 3}
      propertyPath: MoveSpeed
      value: 15
      objectReference: {fileID: 0}
    - target: {fileID: 1584082933670102349, guid: 79107a743dc4cbe4ca28ea8da3358282,
        type: 3}
      propertyPath: fireType
      value: 1
      objectReference: {fileID: 0}
    m_RemovedComponents: []
  m_SourcePrefab: {fileID: 100100000, guid: 79107a743dc4cbe4ca28ea8da3358282, type: 3}
--- !u!1 &8027345254382405320
GameObject:
  m_ObjectHideFlags: 0
  m_CorrespondingSourceObject: {fileID: 0}
  m_PrefabInstance: {fileID: 0}
  m_PrefabAsset: {fileID: 0}
  serializedVersion: 6
  m_Component:
  - component: {fileID: 8027345254382405322}
  - component: {fileID: 8027345254382405323}
  m_Layer: 0
  m_Name: Directional Light
  m_TagString: Untagged
  m_Icon: {fileID: 0}
  m_NavMeshLayer: 0
  m_StaticEditorFlags: 0
  m_IsActive: 1
--- !u!4 &8027345254382405322
Transform:
  m_ObjectHideFlags: 0
  m_CorrespondingSourceObject: {fileID: 0}
  m_PrefabInstance: {fileID: 0}
  m_PrefabAsset: {fileID: 0}
  m_GameObject: {fileID: 8027345254382405320}
  m_LocalRotation: {x: 0.40821788, y: -0.23456968, z: 0.10938163, w: 0.8754261}
  m_LocalPosition: {x: 0, y: 75.96, z: 0}
  m_LocalScale: {x: 1, y: 1, z: 1}
  m_Children: []
  m_Father: {fileID: 0}
  m_RootOrder: 1
  m_LocalEulerAnglesHint: {x: 50, y: -30, z: 0}
--- !u!108 &8027345254382405323
Light:
  m_ObjectHideFlags: 0
  m_CorrespondingSourceObject: {fileID: 0}
  m_PrefabInstance: {fileID: 0}
  m_PrefabAsset: {fileID: 0}
  m_GameObject: {fileID: 8027345254382405320}
  m_Enabled: 1
  serializedVersion: 8
  m_Type: 1
  m_Color: {r: 0.3679245, g: 0.35255906, b: 0.31065324, a: 1}
  m_Intensity: 1
  m_Range: 10
  m_SpotAngle: 30
  m_CookieSize: 10
  m_Shadows:
    m_Type: 2
    m_Resolution: -1
    m_CustomResolution: -1
    m_Strength: 1
    m_Bias: 0.05
    m_NormalBias: 0.4
    m_NearPlane: 0.2
  m_Cookie: {fileID: 0}
  m_DrawHalo: 0
  m_Flare: {fileID: 0}
  m_RenderMode: 0
  m_CullingMask:
    serializedVersion: 2
    m_Bits: 4294967295
  m_Lightmapping: 1
  m_LightShadowCasterMode: 0
  m_AreaSize: {x: 1, y: 1}
  m_BounceIntensity: 1
  m_ColorTemperature: 6570
  m_UseColorTemperature: 0
  m_ShadowRadius: 0
  m_ShadowAngle: 0
